<?xml version="1.0" encoding="UTF-8"?><record xmlns="http://www.loc.gov/MARC21/slim" xmlns:cinclude="http://apache.org/cocoon/include/1.0" xmlns:zs="http://www.loc.gov/zing/srw/">
  <leader>00764cz  a2200193n  4500</leader>
  <controlfield tag="001">nr2004022296</controlfield>
  <controlfield tag="003">DLC</controlfield>
  <controlfield tag="005">20150121130236.0</controlfield>
  <controlfield tag="008">040726n| azannaabn          |b aaa      </controlfield>
  <datafield tag="010" ind1=" " ind2=" ">
    <subfield code="a">nr2004022296</subfield>
  </datafield>
  <datafield tag="035" ind1=" " ind2=" ">
    <subfield code="a">(OCoLC)oca06406056</subfield>
  </datafield>
  <datafield tag="040" ind1=" " ind2=" ">
    <subfield code="a">DLC-R</subfield>
    <subfield code="b">eng</subfield>
    <subfield code="e">rda</subfield>
    <subfield code="c">DLC-R</subfield>
    <subfield code="d">OCoLC</subfield>
    <subfield code="d">DLC</subfield>
  </datafield>
  <datafield tag="046" ind1=" " ind2=" ">
    <subfield code="f">1923</subfield>
    <subfield code="g">1996</subfield>
  </datafield>
  <datafield tag="100" ind1="1" ind2=" ">
    <subfield code="a">Hinoki, Eiji,</subfield>
    <subfield code="d">1923-1996</subfield>
  </datafield>
  <datafield tag="400" ind1="1" ind2=" ">
    <subfield code="a">桧瑛司,</subfield>
    <subfield code="d">1923-1996</subfield>
  </datafield>
  <datafield tag="400" ind1="1" ind2=" ">
    <subfield code="a">檜瑛司,</subfield>
    <subfield code="d">1923-1996</subfield>
  </datafield>
  <datafield tag="667" ind1=" " ind2=" ">
    <subfield code="a">Machine-derived non-Latin script reference project.</subfield>
  </datafield>
  <datafield tag="667" ind1=" " ind2=" ">
    <subfield code="a">Non-Latin script references not evaluated.</subfield>
  </datafield>
  <datafield tag="670" ind1=" " ind2=" ">
    <subfield code="a">Tokushima-ken minzoku geinōshi, 2004:</subfield>
    <subfield code="b">t.p. (Hinoki Eiji) colophon (r; b. 1923; d. Jan. 10/1996; formerly dir., Tokushima Min'yō Kyōkai; Tokushima-ken bunkazai hogo shingi iin; Minzoku Geinō Gakkai kaiin)</subfield>
  </datafield>
</record>